@misc{bioradwebsite, 
    title={Advancing Scientific Discovery and Improving Healthcare for Over 65 Years.},
    url={https://www.bio-rad.com/},
    journal={Bio-Rad}
}
@misc{hussainThreshold,
    author = {Hussain, Musaddeq and Bowers, John},
    title = {A Droplet Digital PCR Method for CHO Host Residual DNA Quantification in Biologic Drugs - Scientific Figure on ResearchGate},
    year = {2017},
    note = {[Online; accessed April 7, 2020]},
    url = {https://www.researchgate.net/figure/Droplet-fluorescence-amplitude-with-CHO-hrDNA-ddPCR-method-The-mAb-DS4P-52g-was_fig1_316088304}
}
@misc{jonesThreshold,
    author = {Jones, Mathew and Williams, James and G{\"{a}}rtner, Kathleen and Phillips, Rodney and Hurst, Jacob and Frater, John},
    title = {{Low copy target detection by Droplet Digital PCR through application of a novel open access bioinformatic pipeline, 'definetherain'}},
    year = {2014},
    note = {[Online; accessed April 7, 2020]},
    url = {https://www.researchgate.net/figure/Screenshots-illustrating-the-application-of-definetherain-Screenshots-illustrating-the_fig2_260441031}
}
%%%%%%%%%%%%%%%%%%%%%%%%%%%%%%%%%%%%%%%%%%%%%%%%%%%%